@manuals{vitis_ai_docs,
    title = {Vitisâ„¢ AI Documentation},
    author = {{AMD}},
    year = {2023},
    url = {https://xilinx.github.io/Vitis-AI/3.5/html/index.html},
    urldate = {2024-03-25},
    organization = {AMD},
    note = {Version 3.5}
}

@manuals{zynq_ultrascale_swdev,
    title = {Zynq UltraScale+ MPSoC Software Developer Guide},
    author = {{AMD Xilinx}},
    year = {2022},
    organization = {AMD Xilinx},
    url = {https://www.xilinx.com/support/documents/sw_manuals/xilinx2022_2/ug1137-zynq-ultrascale-mpsoc-swdev.pdf},
    urldate = {2024-03-25},
    note = {UG1137 (v2022.2)}
}
